@book{date2004introduccao,
  title={Introdu{\c{c}}{\~a}o a sistemas de bancos de dados},
  author={Date, Christopher J},
  year={2004},
  publisher={Elsevier Brasil}
}

@article{davoudian2018survey,
	title={A survey on NoSQL stores},
	author={Davoudian, Ali and Chen, Liu and Liu, Mengchi},
	journal={ACM Computing Surveys (CSUR)},
	volume={51},
	number={2},
	pages={40},
	year={2018},
	publisher={ACM}
}

@article{codd1970relational,
	title={A relational model of data for large shared data banks},
	author={Codd, Edgar F},
	journal={Communications of the ACM},
	volume={13},
	number={6},
	pages={377--387},
	year={1970},
	publisher={ACM}
}

@inproceedings{rautmare2016mysql,
  title={MySQL and NoSQL database comparison for IoT application},
  author={Rautmare, Sharvari and Bhalerao, DM},
  booktitle={2016 IEEE International Conference on Advances in Computer Applications (ICACA)},
  pages={235--238},
  year={2016},
  organization={IEEE}
}

@article{pandeyperformance,
    author = {Pandey, Rachit},
    year = {2020},
    month = {09},
    pages = {},
    title = {Performance Benchmarking and Comparison of Cloud-Based Databases MongoDB (NoSQL) Vs MySQL (Relational) using YCSB},
    doi = {10.13140/RG.2.2.10789.32484}
}

@article{seo2017performance,
  title={Performance Comparison of CRUD Operations in IoT based Big Data Computing},
  author={Seo, Jung Yeon and Lee, Dae Won and Lee, Hwa Min},
  journal={International Journal on Advanced Science Engineering Information Technology},
  volume={7},
  number={5},
  year={2017}
}

@inproceedings{grover2016mvm,
  title={MVM: MySQL Versus MongoDB},
  author={Grover, Purva and Johari, Rahul},
  booktitle={Proceedings of Fifth International Conference on Soft Computing for Problem Solving},
  pages={899--909},
  year={2016},
  organization={Springer}
}

@article{moreno2016performance,
  title={A performance comparison between oracle and mongodb},
  author={Moreno Arboleda, Francisco Javier and Quintero Rend{\'o}n, Juan Esteban and Rueda V{\'a}squez, Robinson},
  journal={Ciencia e Ingenier{\'\i}a Neogranadina},
  volume={26},
  number={1},
  pages={109--129},
  year={2016},
  publisher={Universidad Militar Nueva Granada}
}

@inproceedings{fatima2016comparison,
  title={Comparison of SQL, NoSQL and NewSQL databases for internet of things},
  author={Fatima, Haleemunnisa and Wasnik, Kumud},
  booktitle={2016 IEEE Bombay Section Symposium (IBSS)},
  pages={1--6},
  year={2016},
  organization={IEEE}
}

@inproceedings{chopade2017mongodb,
  title={Mongodb, couchbase: performance comparison for image dataset},
  author={Chopade, Mrs Rupali M and Dhavase, Nikhil S},
  booktitle={2017 2nd International Conference for Convergence in Technology (I2CT)},
  pages={255--258},
  year={2017},
  organization={IEEE}
}

@misc{ansari2018performance,
  title={Performance Comparison of Two Database Management Systems MySQL vs MongoDB},
  author={Ansari, Hamon},
  year={2018}
}

@inproceedings{anand2016mongodb,
  title={MongoDB and Oracle NoSQL: A technical critique for design decisions},
  author={Anand, V and Rao, Ch Mallikarjuna},
  booktitle={2016 International Conference on Emerging Trends in Engineering, Technology and Science (ICETETS)},
  pages={1--4},
  year={2016},
  organization={IEEE}
}

@misc{abntex2-wiki-como-customizar,
	Author = {abnTeX2},
	Date-Added = {2013-03-23 21:39:21 +0000},
	Date-Modified = {2013-03-23 21:44:20 +0000},
	Howpublished = {Wiki do abnTeX2},
	Keywords = {wiki},
	Title = {Como customizar o abnTeX2},
	Url = {https://code.google.com/p/abntex2/wiki/ComoCustomizar},
	Urlaccessdate = {23.3.2013},
	Year = {2013},
	Bdsk-Url-1 = {https://code.google.com/p/abntex2/wiki/ComoCustomizar}}

@manual{talbot2012,
	Author = {Nicola L.C. Talbot},
	Date-Added = {2013-03-11 12:06:04 +0000},
	Date-Modified = {2013-03-11 12:06:56 +0000},
	Month = {11},
	Title = {User Manual for glossaries.sty},
	Url = {http://mirrors.ctan.org/macros/latex/contrib/glossaries/glossaries-user.pdf},
	Urlaccessdate = {11.3.2013},
	Year = {2012},
	Bdsk-Url-1 = {http://mirrors.ctan.org/macros/latex/contrib/glossaries/glossaries-user.pdf}}


@mastersthesis{araujo2012,
	Address = {Bras{\'\i}lia},
	Author = {Lauro C{\'e}sar Araujo},
	Date-Added = {2013-01-09 11:04:42 +0000},
	Date-Modified = {2013-01-09 11:04:42 +0000},
	Month = {Mar{\c c}o},
	School = {Universidade de Bras{\'\i}lia},
	Subtitle = {uma perspectiva de Arquitetura da Informa{\c c}{\~a}o da Escola de Bras{\'\i}lia},
	Title = {Configura{\c c}{\~a}o},
	Year = {2012}}

@phdthesis{guizzardi2005,
	Address = {Enschede, The Netherlands},
	Author = {Giancarlo Guizzardi},
	Date-Added = {2012-04-23 11:35:28 +0000},
	Date-Modified = {2012-04-23 11:35:28 +0000},
	School = {Centre for Telematics and Information Technology, University of Twente},
	Title = {Ontological Foundations for Structural Conceptual Models},
	Url = {http://www.loa.istc.cnr.it/Guizzardi/SELMAS-CR.pdf},
	Urlaccessdate = {3.7.2011},
	Year = {2005},
	Bdsk-Url-1 = {http://www.loa.istc.cnr.it/Guizzardi/SELMAS-CR.pdf}}


@book{doxiadis1965,
	Author = {Constantinos A. Doxiadis},
	Date-Added = {2012-04-23 11:34:20 +0000},
	Date-Modified = {2012-04-23 11:34:20 +0000},
	Publisher = {Ceira - Coimbra},
	Title = {Arquitetura em Transi{\c c}{\~a}o},
	Year = {1965}}

	
@article{fulano,
  title={Fulanologia aplicada à aq{\"u}icultura},
  author={Fulano, José da Silva},
  journal={Jaboticabal: Funep},
  year={1995}
}

